<?xml version="1.0" encoding="UTF-8"?><record xmlns="http://www.loc.gov/MARC21/slim" xmlns:cinclude="http://apache.org/cocoon/include/1.0" xmlns:zs="http://www.loc.gov/zing/srw/">
  <leader>01107cz  a2200169n  4500</leader>
  <controlfield tag="001">n  80057903 </controlfield>
  <controlfield tag="003">DLC</controlfield>
  <controlfield tag="005">20090205080556.0</controlfield>
  <controlfield tag="008">800623n| acannaabn          |b ana      </controlfield>
  <datafield tag="010" ind1=" " ind2=" ">
    <subfield code="a">n  80057903 </subfield>
  </datafield>
  <datafield tag="035" ind1=" " ind2=" ">
    <subfield code="a">(OCoLC)oca00439630</subfield>
  </datafield>
  <datafield tag="040" ind1=" " ind2=" ">
    <subfield code="a">DLC</subfield>
    <subfield code="b">eng</subfield>
    <subfield code="c">DLC</subfield>
    <subfield code="d">OCoLC</subfield>
  </datafield>
  <datafield tag="110" ind1="1" ind2=" ">
    <subfield code="a">Mexico.</subfield>
    <subfield code="b">Dirección General de Control y Vigilancia de los Organismos Descentralizados y Empresas de Participación Estatal</subfield>
  </datafield>
  <datafield tag="410" ind1="1" ind2=" ">
    <subfield code="a">Mexico.</subfield>
    <subfield code="b">Control y Vigilancia de los Organismos Descentralizados y Empresas de Participación Estatal, Dirección General de</subfield>
  </datafield>
  <datafield tag="410" ind1="1" ind2=" ">
    <subfield code="a">Mexico.</subfield>
    <subfield code="b">Secretaría del Patrimonio Nacional.</subfield>
    <subfield code="b">Dirección General de Control y Vigilancia de los Organismos Descentralizados y Empresas de Participación Estatal</subfield>
  </datafield>
  <datafield tag="667" ind1=" " ind2=" ">
    <subfield code="a">AACR 1 form: Mexico. Dirección General de Control y Vigilancia de los Organismos Descentralizados y Empresas de Participación Estatal</subfield>
  </datafield>
  <datafield tag="670" ind1=" " ind2=" ">
    <subfield code="a">Directorio de organismos descentralizados ... 1976 (a.e.)</subfield>
    <subfield code="b">t.p. (Secretaría del Patrimonio Nacional, Dirección General de Control y Vigilancia de los Organismos Descentralizados y Empresas de Participación Estatal)</subfield>
  </datafield>
</record>